@article{PAH,
  author  = "Samanta, Sudip K. and Singh, Om V. and Jain, Rakesh K.",
  title   = {Polycyclic aromatic hydrocarbons: environmental pollution and bioremediation},
  journal = {Trends in Biotechnology},
  year    = 2002,
  number  =62,
  pages   = {243-248},
  month   = 6,
  volume  = 20
}

@Article{Southworth1979,
author="Southworth, George R.",
title="The role of volatilization in removing polycyclic aromatic hydrocarbons from aquatic environments",
journal="Bulletin of Environmental Contamination and Toxicology",
year="1979",
volume="21",
number="1",
pages="507--514",
issn="1432-0800",
doi="10.1007/BF01685462",
url="http://dx.doi.org/10.1007/BF01685462"
}
