%% This BibTeX bibliography file was created using BibDesk.
%% http://bibdesk.sourceforge.net/


%% Created for Hunter Ducharme at 2016-03-31 19:05:28 -0500 


%% Saved with string encoding Unicode (UTF-8) 



@article{Chowell:2007aa,
	Author = {Chowell, G. and Miller, M.A. and Viboud, C.},
	Date-Added = {2016-02-15 03:34:57 +0000},
	Date-Modified = {2016-04-01 00:00:34 +0000},
	Journal = {Epidemiology and Infection},
	Month = {June},
	Number = {6},
	Title = {Seasonal {I}nfluenza in the {U}nited {S}tates, {F}rance, and {A}ustralia: Transmission and {P}rospects for {C}ontrol},
	Volume = {136},
	Year = {2007}}

@electronic{Disease-Control:2013aa,
	Author = {Centers for Disease Control},
	Date-Added = {2016-02-15 03:33:05 +0000},
	Date-Modified = {2016-03-31 23:53:47 +0000},
	Lastchecked = {February 14, 2016},
	Month = {September},
	Title = {How {F}lu {S}preads},
	Url = {http://www.cdc.gov/flu/about/disease/spread.htm},
	Year = {2013},
	Bdsk-Url-1 = {http://www.cdc.gov/flu/about/disease/spread.htm}}

@article{Chitnis:2011ab,
	Author = {Chitnis, Nakul},
	Date-Added = {2016-02-15 03:31:08 +0000},
	Date-Modified = {2016-04-01 00:02:13 +0000},
	Journal = {Swiss Tropical and Public Health Institute},
	Pages = {1},
	Title = {Introduction to {M}athematical {E}pidemiology: The {B}asic {R}eproductive {N}umber},
	Year = {2011}}

@url{CDC:2016aa,
	Author = {CDC},
	Date-Added = {2016-02-15 03:27:08 +0000},
	Date-Modified = {2016-03-31 23:54:48 +0000},
	Lastchecked = {December 10, 2015},
	Month = {February},
	Title = {National and {R}egional {L}evel {O}utpatient {I}llness and {V}iral {S}urveillance},
	Url = {http://gis.cdc.gov/grasp/fluview/fluportaldashboard.html},
	Year = {2016},
	Bdsk-Url-1 = {http://gis.cdc.gov/grasp/fluview/fluportaldashboard.html}}

@article{Chitnis:2011aa,
	Author = {Chitnis, Nakul},
	Date-Added = {2016-02-15 03:23:13 +0000},
	Date-Modified = {2016-04-01 00:02:09 +0000},
	Journal = {Swiss Tropical and Public Health Institute},
	Pages = {1-2},
	Title = {Introduction to {M}athematical {E}pidemiology: Deterministic {C}ompartmental {M}odels},
	Year = {2011},
	Bdsk-File-1 = {YnBsaXN0MDDUAQIDBAUGJCVYJHZlcnNpb25YJG9iamVjdHNZJGFyY2hpdmVyVCR0b3ASAAGGoKgHCBMUFRYaIVUkbnVsbNMJCgsMDxJXTlMua2V5c1pOUy5vYmplY3RzViRjbGFzc6INDoACgAOiEBGABIAFgAdccmVsYXRpdmVQYXRoWWFsaWFzRGF0YV8QPi4uLy4uLy4uLy4uLy4uL0Rlc2t0b3AvTUUtRGV0ZXJtaW5pc3RpY0NvbXBhcnRtZW50YWxNb2RlbHMucGRm0hcLGBlXTlMuZGF0YU8RAdwAAAAAAdwAAgAADE1hY2ludG9zaCBIRAAAAAAAAAAAAAAAAAAAANBb+xdIKwAAAAlEkR9NRS1EZXRlcm1pbmlzdGljQ29tIzIxQzc4RTYucGRmAAAAAAAAAAAAAAAAAAAAAAAAAAAAAAAAAAAAAAAAAAACHHjm0uagSAAAAAAAAAAAAAUAAgAACSAAAAAAAAAAAAAAAAAAAAAHRGVza3RvcAAAEAAIAADQXEFnAAAAEQAIAADS5vSoAAAAAQAMAAlEkQAJRIAAApPVAAIASE1hY2ludG9zaCBIRDpVc2VyczoAaGdkdWNoYXJtZToARGVza3RvcDoATUUtRGV0ZXJtaW5pc3RpY0NvbSMyMUM3OEU2LnBkZgAOAFAAJwBNAEUALQBEAGUAdABlAHIAbQBpAG4AaQBzAHQAaQBjAEMAbwBtAHAAYQByAHQAbQBlAG4AdABhAGwATQBvAGQAZQBsAHMALgBwAGQAZgAPABoADABNAGEAYwBpAG4AdABvAHMAaAAgAEgARAASAEBVc2Vycy9oZ2R1Y2hhcm1lL0Rlc2t0b3AvTUUtRGV0ZXJtaW5pc3RpY0NvbXBhcnRtZW50YWxNb2RlbHMucGRmABMAAS8AABUAAgAR//8AAIAG0hscHR5aJGNsYXNzbmFtZVgkY2xhc3Nlc11OU011dGFibGVEYXRhox0fIFZOU0RhdGFYTlNPYmplY3TSGxwiI1xOU0RpY3Rpb25hcnmiIiBfEA9OU0tleWVkQXJjaGl2ZXLRJidUcm9vdIABAAgAEQAaACMALQAyADcAQABGAE0AVQBgAGcAagBsAG4AcQBzAHUAdwCEAI4AzwDUANwCvAK+AsMCzgLXAuUC6QLwAvkC/gMLAw4DIAMjAygAAAAAAAACAQAAAAAAAAAoAAAAAAAAAAAAAAAAAAADKg==}}
