@article{Klotz,
title = "The equilibrium constant for bromothymol blue: A general chemistry laboratory experiment using spectroscopy",
author = "Elsbeth Klotz and Robert Doyle and Erin Gross and Bruce Mattson",
year = "2011",
month = "5",
doi = "10.1021/ed1007102",
volume = "88",
pages = "637--639",
journal = "Journal of Chemical Education",
issn = "0021-9584",
publisher = "American Chemical Society",
number = "5",
}