%% This BibTeX bibliography file was created using BibDesk.
%% http://bibdesk.sourceforge.net/


%% Created for Hunter Ducharme at 2016-08-05 01:16:15 -0500 


%% Saved with string encoding Unicode (UTF-8) 



@article{Bi:2015aa,
	Author = {Bi, Jiebin and others},
	Date-Added = {2016-08-05 06:15:36 +0000},
	Date-Modified = {2016-08-05 06:16:15 +0000},
	Journal = {American Chemical Society},
	Title = {Interfacial Layer Properties of a Polyaromatic Compound and its Role in Stabilizing Water-in-Oil Emulsions},
	Year = {2015}}

@article{Zhang:2016aa,
	Author = {Zhang, Ling and Shi, Chen and Lu, Qingye and Liu, Qingxia and Zeng, Hongbo},
	Date-Added = {2016-08-05 06:13:05 +0000},
	Date-Modified = {2016-08-05 06:15:16 +0000},
	Journal = {American Chemical Society},
	Title = {Probing Molecular Interactions of Asphaltenes in Heptol Using a Surface Forces Apparatus: Implications on Stability of Water-in-Oil Emulsions},
	Year = {2016}}

@article{Gonzalez:2007aa,
	Author = {Gonzalez, D. and Hirasaki, G. and others},
	Date-Added = {2016-08-05 06:08:54 +0000},
	Date-Modified = {2016-08-05 06:09:28 +0000},
	Journal = {Society of Petroleum Engineers},
	Title = {Impact of Flow Assurance in the Development of a Deepwater Prospect},
	Year = {2007}}

@article{Lin:2016aa,
	Author = {Lin, Yu-Jiun and others},
	Date-Added = {2016-08-05 06:06:51 +0000},
	Date-Modified = {2016-08-05 06:08:02 +0000},
	Title = {Examining Asphaltene Solubility on Deposition in Model Porous Media},
	Year = {2016}}

@article{Goual:2012aa,
	Author = {Lamia Goual},
	Date-Added = {2016-08-05 05:54:11 +0000},
	Date-Modified = {2016-08-05 05:55:26 +0000},
	Journal = {Crude Oil Emulsions},
	Title = {Petroleum Asphaltenes},
	Year = {2012}}

@article{Kamran-Akbarzadeh:2007aa,
	Author = {Akbarzadeh, Kamran and others},
	Date-Added = {2016-08-05 03:03:52 +0000},
	Date-Modified = {2016-08-05 06:04:03 +0000},
	Journal = {Oilfield Review},
	Title = {Asphaltenes---Problematic but Rich in Potential},
	Year = {2007},
	Bdsk-File-1 = {YnBsaXN0MDDUAQIDBAUGJCVYJHZlcnNpb25YJG9iamVjdHNZJGFyY2hpdmVyVCR0b3ASAAGGoKgHCBMUFRYaIVUkbnVsbNMJCgsMDxJXTlMua2V5c1pOUy5vYmplY3RzViRjbGFzc6INDoACgAOiEBGABIAFgAdccmVsYXRpdmVQYXRoWWFsaWFzRGF0YV8QHS4uLy4uLy4uLy4uLy5UcmFzaC9wMjJfNDMucGRm0hcLGBlXTlMuZGF0YU8RAWwAAAAAAWwAAgAADE1hY2ludG9zaCBIRAAAAAAAAAAAAAAAAAAAANBb+xdIKwAAAfiJCwpwMjJfNDMucGRmAAAAAAAAAAAAAAAAAAAAAAAAAAAAAAAAAAAAAAAAAAAAAAAAAAAAAAAAAAAAAAAAAAAAAAACnCbX08lsZAAAAAAAAAAAAAQAAgAACSAAAAAAAAAAAAAAAAAAAAAGLlRyYXNoABAACAAA0FxBZwAAABEACAAA08mytAAAAAEADAH4iQsACUSAAAKT1QACADJNYWNpbnRvc2ggSEQ6VXNlcnM6AGhnZHVjaGFybWU6AC5UcmFzaDoAcDIyXzQzLnBkZgAOABYACgBwADIAMgBfADQAMwAuAHAAZABmAA8AGgAMAE0AYQBjAGkAbgB0AG8AcwBoACAASABEABIAIlVzZXJzL2hnZHVjaGFybWUvLlRyYXNoL3AyMl80My5wZGYAEwABLwAAFQACABH//wAAgAbSGxwdHlokY2xhc3NuYW1lWCRjbGFzc2VzXU5TTXV0YWJsZURhdGGjHR8gVk5TRGF0YVhOU09iamVjdNIbHCIjXE5TRGljdGlvbmFyeaIiIF8QD05TS2V5ZWRBcmNoaXZlctEmJ1Ryb290gAEACAARABoAIwAtADIANwBAAEYATQBVAGAAZwBqAGwAbgBxAHMAdQB3AIQAjgCuALMAuwIrAi0CMgI9AkYCVAJYAl8CaAJtAnoCfQKPApIClwAAAAAAAAIBAAAAAAAAACgAAAAAAAAAAAAAAAAAAAKZ}}
